@misc{unitySite,
	author = {Unity},
	organization = {Unity},
	title = {Game engine, tools and multiplatform},
	year = {2016},
	url = {https://unity3d.com/pt/unity},	
	urlaccessdate = {01 Julho 2016}
}
@misc{unityGames,
	author = {Unity},
	organization = {Unity},
	title = {Made with Unity - Games},
	year = {2016},
	url = {https://madewith.unity.com/games},
	urlaccessdate = {01 Julho 2016}
}
@misc{unityInterface,
	author = {Unity},
	organization = {Unity},
	title = {Made with Unity - Manual: Learning the Interface},
	year = {2016},
	url = {https://docs.unity3d.com/Manual/LearningtheInterface.html},	
	urlaccessdate = {05 Julho 2016}
}
@online{unityScripts,
	author = {Unity},
	organization = {Unity},
	title = {Made with Unity - Manual: Creating and Using Scripts},
	year = {2016},
	url = {https://docs.unity3d.com/Manual/CreatingAndUsingScripts.html},	
	note = {Acesso em 05 Julho 2016.}
}
@online{rivalTheory,
	author = {RivalTheory},
	organization = {RivalTheory},
	title = {Features},
	year = {2015},
	url = {http://rivaltheory.com/rain/features/},	
	note = {Acesso em 05 Julho 2016.}
}
@online{microsoft,
	author = {Microsoft},
	organization = {Microsoft},
	title = {Free Dev Tools - Visual Studio Community 2015},
	year = {2016},
	url = {https://www.visualstudio.com/en-us/products/visual-studio-community-vs.aspx},	
	note = {Acesso em 07 Julho 2016.}
}
@online{cnbc,
	author = {CNBC},
	organization = {CNBC},
	title = {Digital gaming sales hit record $61 billion in 2015: Report},
	year = {2016},
	url = {http://www.cnbc.com/2016/01/26/digital-gaming-sales-hit-record-61-billion-in-2015-report.html},	
	note = {Acesso em 11 Julho 2016.}
}
@online{panoramaAI,
	author = {Georgios N. Yannakakis and Julian Togelius},
	organization = {IEEE},
	title = {A Panorama of Artificial and Computational Intelligence in Games},
	year = {2014},
	url = {http://julian.togelius.com/Yannakakis2014Panorama.pdf},	
	note = {Acesso em 11 Julho 2016.}
}
@online{aigamedev,
	author = {Alex J.},
	organization = {AiGameDev},
	title = {Top 10 Most Influential AI Games},
	year = {2007},
	url = {http://aigamedev.com/open/highlights/top-ai-games/},	
	note = {Acesso em 12 Julho 2016.}
}
@online{fear,
	author = {Jeff Orkin},
	organization = {Monolith Productions},
	title = {Three States and a Plan: The A.I. of F.E.A.R.},
	year = {2006},
	url = {http://alumni.media.mit.edu/~jorkin/gdc2006_orkin_jeff_fear.pdf},	
	note = {Acesso em 12 Julho 2016.}
}
@online{stackExchange1,
	author = {StackExchange},
	organization = {StackExchange},
	title = {How to choose the number of hidden layers and nodes in a feedforward neural network?},
	year = {2013},
	url = {https://stats.stackexchange.com/questions/181/how-to-choose-the-number-of-hidden-layers-and-nodes-in-a-feedforward-neural-netw},	
	note = {Acesso em 13 Julho 2016.}
}
@online{stackExchange2,
	author = {StackExchange},
	organization = {StackExchange},
	title = {What does the hidden layer in a neural network compute?},
	year = {2013},
	url = {https://stats.stackexchange.com/questions/63152/what-does-the-hidden-layer-in-a-neural-network-compute},	
	note = {Acesso em 13 Julho 2016.}
}
@online{stackExchange3,
	author = {StackExchange},
	organization = {StackExchange},
	title = {Role of Bias in Neural Networks},
	year = {2010},
	url = {https://stackoverflow.com/questions/2480650/role-of-bias-in-neural-networks},	
	note = {Acesso em 13 Julho 2016.}
}
@online{obitko,
	author = {Marek Obitko},
	title = {Introduction to Genetic Algorithms},
	year = {1998},
	url = {http://www.obitko.com/tutorials/genetic-algorithms/index.php},	
	note = {Acesso em 13 Julho 2016.}
}
@online{researchGate,
	author = {ResearchGate},
	organization = {ResearchGate},
	title = {How to select the best transfer function for a neural network model?},
	year = {2013},
	url = {https://www.researchgate.net/post/How_to_select_the_best_transfer_function_for_a_neural_network_model},	
	note = {Acesso em 13 Julho 2016.}
}
@online{wikimedia,
	author = {Wikimedia},
	organization = {Wikimedia},
	title = {File:Colored neural network.svg},
	year = {2013},
	url = {https://commons.wikimedia.org/wiki/File:Colored_neural_network.svg},	
	note = {Acesso em 13 Julho 2016.}
}
@online{stackOverflow1,
	author = {StackOverflow},
	organization = {StackOverflow},
	title = {How do you decide the parameters of a Convolutional Neural Network for image classification?},
	year = {2014},
	url = {https://stackoverflow.com/questions/24509921/how-do-you-decide-the-parameters-of-a-convolutional-neural-network-for-image-cla},	
	note = {Acesso em 13 Julho 2016.}
}
@online{stackOverflow2,
	author = {StackOverflow},
	organization = {StackOverflow},
	title = {Genetic Programming : Difference between Roulette Rank and Tournament Selection},
	year = {2014},
	url = {https://stackoverflow.com/questions/23183862/genetic-programming-difference-between-roulette-rank-and-tournament-selection},	
	note = {Acesso em 20 Julho 2016.}
}
@online{techEffigy,
	author = {Joseph Armstrong},
	organization = {Tech-Effigy},
	title = {The Genetic Algorithm - Explained},
	year = {2015},
	url = {https://stats.stackexchange.com/questions/63152/what-does-the-hidden-layer-in-a-neural-network-compute},	
	note = {Acesso em 14 Julho 2016.}
}
@online{evoNNAgents,
	author = {Evo-neural-network-agents},
	organization = {Evo-neural-network-agents},
	title = {Evolving of neural networks for collective agents},
	year = {2013},
	url = {https://github.com/lagodiuk/evo-neural-network-agents},	
	note = {Acesso em 14 Julho 2016.}
}
@online{turingFinance,
	author = {Stuart Reid},
	organization = {Turing Finance},
	title = {10 misconceptions about Neural Networks},
	year = {2013},
	url = {http://www.turingfinance.com/misconceptions-about-neural-networks/},	
	note = {Acesso em 20 Julho 2016.}
}
@online{brainz,
	author = {Brainz},
	organization = {Brainz},
	title = {15 Real-World Uses of Genetic Algorithms},
	year = {2010},
	url = {http://brainz.org/15-real-world-applications-genetic-algorithms/},	
	note = {Acesso em 20 Julho 2016.}
}
@misc{wikipedia,
	author = {Wikipedia},
	organization = {Wikipedia},
	title = {File:Logistic-curve.svg},
	year = {2008},
	url = {https://en.wikipedia.org/wiki/File:Logistic-curve.svg},	
	urlaccessdate = {20 Julho 2016}
}
